<?xml version="1.0" encoding="UTF-8"?><collection xmlns="http://www.loc.gov/MARC21/slim"><record><leader>00594nam--2200181-i-4500</leader><controlfield tag="001">000002395</controlfield><controlfield tag="002">20161230</controlfield><controlfield tag="005">20161230201025</controlfield><controlfield tag="008">060222s1000------------r-----000-0-fre-d</controlfield><datafield ind1=" " ind2=" " tag="040"><subfield code="a">IFIN-HH</subfield></datafield><datafield ind1=" " ind2=" " tag="041"><subfield code="a">fre</subfield></datafield><datafield ind1=" " ind2=" " tag="080"><subfield code="a">519.283:539.172.5(043):015</subfield></datafield><datafield ind1="1" ind2=" " tag="100"><subfield code="a">Grea, Jean</subfield></datafield><datafield ind1="1" ind2="0" tag="245"><subfield code="a">Recherches sur l application de la methode de monte-carlo dans les processus de physique nucleaire a haute energie: interaction des pions negatifs de 4,5 gev</subfield><subfield code="b">These</subfield><subfield code="c">Jean grea</subfield></datafield><datafield ind1=" " ind2=" " tag="260"><subfield code="a">Lyon</subfield><subfield code="b">Faculte Des Sciences</subfield><subfield code="c">1961</subfield></datafield><datafield ind1=" " ind2=" " tag="300"><subfield code="a">53 P</subfield></datafield><datafield ind1=" " ind2=" " tag="852"><subfield code="a">19134</subfield><subfield code="c">539.131</subfield></datafield><datafield ind1=" " ind2=" " tag="CAT"><subfield code="a">Sys</subfield><subfield code="c">20120228</subfield><subfield code="h">163126</subfield></datafield></record></collection>